2350 3479
265 123 479 207 «ΠΖ
873 114 1025 192 De,
1050 114 1242 196 Arte
1271 115 1611 203 Ροὲῖίοει.

338 360 650 450 Verbaque
678 374 698 440 ‚'
741 360 973 447 Plfimes
996 409 1016 443 ‚
1058 367 1398 450 Satyrorum
1423 369 1669 456 scriptor
1711 370 1946 435 amabo:

338 528 408 590 N
409 552 470 590 ec
495 528 587 600 sic
631 528 821 590 enitar
872 531 1102 617 tragico
1151 528 1387 615 djfflerre
1432 536 1612 599 colori
1632 582 1652 613 ,

337 703 423 765 Ut
463 700 610 765 nihil
653 703 872 789 interfit
894 747 910 779 ,
955 704 1222 792 Davusne
1255 708 1563 793 loquatur,
1603 721 1663 776 ΕΤ
1702 710 1899 773 audax

339 874 614 956 Pythias,
658 877 913 940 emundlo
958 879 1186 941 lucram
1229 877 1460 943 Simone
1497 878 1810 943 talentumz

338 1038 442 1108 Ἀιι
484 1044 654 1128 custos
677 1092 694 1125 ‚
725 1043 1085 1134 famultffque
1127 1045 1250 1110 Dei
1291 1049 1514 1112 Silenus
1556 1038 1794 1112 alitmni.

1976 1202 2078 1264 Ex

336 1561 370 1592 o
395 1543 546 1592 Poeta
570 1544 691 1591 deve
717 1544 919 1608 guardar
939 1559 997 1590 na
1020 1543 1170 1607 satyra
1193 1546 1393 1593 theatral
1418 1581 1432 1605 ‚
1461 1561 1591 1595 entra
1614 1566 1639 1596 a
1665 1548 1940 1609 especificar
1961 1582 1977 1608 ‚
2006 1562 2082 1595 em

337 1623 433 1669 que
458 1609 563 1671 haja
590 1608 647 1654 de
672 1608 887 1655 confistir
921 1624 946 1654 a
974 1608 1038 1654 tal
1072 1608 1317 1656 mediania,
1368 1610 1464 1655 Diz
1490 1613 1591 1672 pois
1615 1646 1630 1671 ‚
1657 1612 1858 1658 fallando
1893 1627 2001 1657 com
2032 1627 2083 1658 os

336 1670 501 1719 Pis6es
525 1707 539 1731 ‚
571 1688 661 1734 que
693 1672 735 1718 se
762 1672 852 1718 elle
880 1686 1167 1732 compozera
1190 1671 1316 1718 deste
1346 1687 1522 1734 genero
1551 1673 1608 1718 de
1633 1673 1850 1733 escritos,
1883 1675 1971 1720 na&
1998 1674 2081 1720 ha-

339 1735 417 1781 via
441 1733 635 1781 affefibar
670 1747 799 1781 tanta
833 1734 1146 1796 ingenuidade
1169 1769 1185 1794 ‚
1224 1751 1315 1797 que
1336 1733 1514 1781 diffeffe
1543 1751 1586 1781 as
1612 1735 1770 1782 cousas
1800 1735 1893 1781 sem
1917 1748 2083 1783 ornato

337 1797 501 1857 algum
517 1830 532 1853 ‚
561 1796 847 1842 sex-vindo-se
878 1798 1086 1843 smnente
1112 1798 1169 1843 de
1196 1799 1404 1860 palavras
1428 1799 1686 1844 dominantes
1705 1832 1722 1858 ‚
1747 1797 1835 1843 isto
1861 1799 1919 1843 he
1936 1831 1953 1856 ‚
1976 1814 2088 1859 pro-

339 1860 495 1921 prias3
525 1874 707 1920 porque
736 1856 785 1905 [ό
812 1859 927 1905 estas
958 1860 1016 1904 he
1047 1876 1138 1921 que
1170 1860 1392 1906 domina&
1424 1878 1468 1907 as
1492 1861 1650 1907 cousas
1684 1877 1775 1922 que
1806 1859 2050 1923 fignifica6
2069 1892 2087 1919 ‚

340 1921 718 1983 exprimindo-as
755 1938 864 1967 com
902 1923 1085 1967 viveza⁰
1150 1922 1309 1968 Como
1346 1922 1390 1968 se
1415 1922 1591 1977 dissess'e
1618 1923 1873 1970 Horacio:
1942 1921 2085 1969 Disto

338 1983 385 2030 se
419 1984 619 2046 seguiria
644 2017 659 2041 ,
699 1982 823 2029 al6m
862 1984 919 2030 de
951 1986 1101 2031 muita
1133 1985 1332 2031 baixeza
1363 1986 1420 2032 de
1448 1985 1633 2049 estylo,
1673 1986 1877 2048 proferir
1916 1987 2086 2032 muitas

339 2045 676 2093 obscenidades
702 2081 717 2105 ,
752 2046 926 2093 usando
961 2050 1016 2094 de
1050 2063 1192 2094 vozes
1225 2051 1436 2111 proprias
1471 2066 1543 2095 em
1568 2049 1704 2110 lugar
1727 2049 1784 2094 de
1813 2048 2043 2111 figuradas
2067 2080 2085 2106 ‚

340 2127 485 2159 como
516 2124 922 2157 commummente
959 2112 1070 2172 vejo
1105 2112 1350 2172 praticado
1378 2113 1508 2174 pelos
1537 2111 1704 2158 Poetas
1733 2111 1794 2156 do
1823 2126 1932 2157 meu
1961 2124 2084 2157 tem-

340 2191 424 2235 po.
465 2172 612 2219 Desta
633 2173 1025 2218 recommendada
1050 2173 1275 2218 modestia
1293 2176 1561 2220 acharemos
1583 2175 1695 2220 mais
1718 2175 1773 2218 de
1793 2173 1907 2218 hum
1925 2187 2086 2218 exem-

340 2238 426 2299 plo
455 2253 515 2282 no
542 2236 708 2295 Cyclope
745 2234 801 2280 de
829 2234 1082 2295 Euripides
1109 2269 1123 2292 ,
1154 2234 1516 2295 especialmente
1545 2236 1666 2282 onde
1695 2252 1723 2280 o
1750 2235 1891 2281 velho
1924 2233 2082 2280 Sileno

340 2299 454 2346 falla
481 2301 540 2345 do
571 2299 717 2345 vinho
735 2332 751 2357 ‚
787 2314 812 2344 e
838 2299 1045 2358 pondera
1069 2313 1145 2343 em
1178 2297 1363 2343 Helena
1391 2315 1419 2343 o
1447 2297 1605 2360 gostar
1631 2299 1688 2343 de
1711 2298 1875 2344 mudar
1901 2296 1959 2342 de
1988 2311 2086 2342 ma-

340 2363 446 2409 rido
475 2383 489 2417 ;
528 2361 687 2409 cousas
709 2377 800 2424 que
823 2362 940 2407 ditas
970 2376 1043 2406 em
1071 2373 1246 2406 termos
1274 2362 1492 2423 proprios
1511 2395 1527 2421 ,
1561 2360 1705 2407 seria&
1733 2375 1843 2422 para
1870 2375 1919 2405 os
1942 2359 2083 2405 ouvi-

342 2424 427 2472 dos
451 2426 592 2472 huma
617 2424 970 2486 insopportavel
995 2423 1323 2469 obscenidade.

461 2491 630 2550 Necfic
654 2490 822 2546 enitar,
846 2488 937 2539 &a
957 2503 966 2532 :
1009 2485 1103 2531 Isto
1129 2488 1187 2532 he
1211 2521 1225 2545 ‚
1251 2502 1360 2532 nem
1385 2502 1460 2533 me
1482 2486 1692 2534 affastara
1716 2499 1850 2533 tanto
1869 2487 1931 2533 do
1956 2486 2081 2549 esty-

343 2551 392 2598 lo
417 2554 605 2615 tragico
623 2585 638 2610 ,
674 2567 766 2612 que
792 2548 999 2612 perdeffe
1021 2566 1045 2594 a
1075 2549 1301 2596 mediania
1323 2584 1337 2609 ‚
1376 2565 1465 2611 que
1488 2567 1512 2596 a
1533 2551 1682 2612 satyra
1711 2550 1829 2595 deve
1853 2565 1925 2596 ter
1949 2563 2081 2596 entre

345 2628 373 2657 a
399 2631 515 2673 pum
541 2613 812 2677 ngedia,
839 2630 863 2659 e
890 2630 915 2658 a
941 2612 1188 2658 Comedia.
1239 2613 1317 2657 Ha
1338 2612 1395 2658 de
1421 2615 1674 2674 participar
1699 2614 1753 2658 de
1776 2613 1919 2670 hum,
1947 2628 1971 2658 e
1995 2628 2083 2658 ou-

348 2686 423 2720 tro
449 2678 563 2733 esiylo
580 2712 595 2736 ,
622 2694 646 2723 a
672 2693 762 2739 que
789 2693 838 2722 os
862 2676 1057 2722 Latinos
1084 2676 1340 2721 chamavaf)
1363 2678 1467 2721 color
1489 2711 1504 2735 ‚
1544 2693 1568 2722 e
1594 2677 1651 2722 he.
1676 2693 1704 2720 0
1731 2675 1905 2720 mesmo
1937 2691 1961 2719 a
1985 2688 2078 2733 que

349 2751 399 2781 os
429 2737 641 2784 Pintores
668 2739 759 2785 da&
786 2758 815 2786 o
841 2755 980 2785 nome
1005 2738 1062 2784 de
1087 2741 1277 2783 maneira
1299 2738 1355 2784 de
1381 2740 1565 2800 pinta1·‚
1595 2738 1850 2785 chamando
1874 2737 1899 2780 ὲ
1921 2737 2077 2780 diver-

349 2797 393 2844 sa
418 2815 501 2843 cor
526 2834 540 2857 ,
575 2816 598 2845 e
629 2802 778 2862 estylo
802 2819 851 2848 v.
877 2819 926 2864 g.
956 2802 1012 2848 da
1039 2800 1192 2848 escola
1220 2801 1275 2847 de
1302 2803 1495 2860 Roma,
1533 2805 1587 2849 de
1611 2803 1788 2861 Franqa
1813 2834 1828 2858 ‚
1862 2798 1918 2843 de
1942 2797 2080 2844 Flan—

349 2860 452 2906 dres
471 2894 486 2918 ‚
512 2878 535 2906 e
565 2862 646 2909 dos
675 2879 860 2925 tempos
886 2866 1108 2910 barbaros
1131 2898 1146 2922 ‚
1177 2868 1365 2909 maneira
1394 2865 1613 2911 Romana
1637 2899 1652 2922 ‚
1679 2864 1911 2909 Franceza
1929 2895 1945 2919 ‚
1973 2860 2079 2905 Fla-

350 2938 546 2984 menga,
574 2940 597 2968 e
622 2926 852 2972 Gothica.
904 2928 1018 2972 Para
1044 2943 1191 2988 prova
1213 2926 1338 2972 desta
1364 2927 1591 2973 medi-ania
1615 2928 1672 2972 de
1693 2925 1872 2986 estylo,
1900 2939 1960 2968 ou
1981 2919 2078 2979 (di-

350 2988 499 3035 zendo
525 2986 709 3034 melhor
731 2990 790 3035 do
816 2991 1060 3050 preceiw,
1090 2989 1147 3036 de
1170 3005 1261 3051 que
1285 3005 1314 3036 0
1337 2987 1484 3036 Poeta
1506 2989 1597 3037 nab
1623 2987 1667 3036 se
1687 2986 1804 3034 deve
1831 2985 2074 3046 esquecer,

359 3062 361 3066 ·
2015 3058 2071 3090 ao
