2350 3479
339 149 430 255 7ss
836 146 968 222 De
1005 141 1193 222 Arte
1223 143 1563 227 Poetiea.

341 429 578 494 Gaudet
613 427 766 516 equis
787 473 805 507 ‚
847 424 1184 516 canibusque
1203 473 1221 507 ‚
1259 440 1321 498 <9⁹
1343 425 1532 517 aprici
1559 431 1835 520 gramine
1867 430 2056 522 campi
2078 456 2096 495 ε·

341 607 551 672 Cereus
591 606 652 672 in
696 608 896 672 vitium
916 608 1097 686 flec'li
1122 653 1142 686 ‚
1188 609 1542 677 monitoribus
1586 612 1753 702 asper
1776 662 1797 695 ,

343 794 405 856 U
406 790 591 856 tilium
637 792 836 857 tardus
873 791 1040 881 provi
1066 815 1131 856 or
1158 840 1176 873 ,
1220 791 1498 881 prodigus
1536 799 1663 861 aeris
1687 843 1707 876 ‚

1903 906 1946 966 S
1950 906 2094 969 abli-

351 1146 445 1193 que
476 1129 691 1176 Horacio
728 1129 886 1177 allude
924 1129 1112 1192 &quelle
1146 1130 1282 1192 lugar
1317 1147 1376 1178 na
1410 1131 1584 1178 Andria
1617 1130 1677 1178 de
1709 1130 1951 1178 Terencio
1972 1162 1989 1190 ,
2022 1142 2099 1177 em

354 1209 446 1257 que
473 1193 606 1241 Simo
636 1192 746 1239 falla
768 1193 893 1239 affim
915 1194 971 1239 de
994 1193 1275 1255 Pamphilo:

619 1320 747 1367 Nam
770 1321 807 1365 is
824 1318 1041 1380 postquam
1065 1317 1227 1379 exceffi‘t
1249 1334 1299 1364 ex
1326 1318 1487 1379 ephebis
1510 1320 1654 1379 Sosia,

619 1384 821 1429 Liberius
848 1382 1028 1427 vivendi
1046 1381 1142 1442 fuit
1158 1382 1372 1442 potesta53
1410 1398 1508 1427 nam
1528 1393 1658 1428 antea

619 1446 718 1507 ,Qui
727 1445 840 1504 scire
856 1445 987 1503 postet
1004 1476 1020 1501 ‚
1044 1454 1122 1489 aut
1149 1447 1357 1505 ingenium
1382 1445 1540 1507 noscere
1556 1479 1572 1504 ,

617 1507 746 1552 Dum
769 1516 902 1566 aetas,
926 1516 1091 1566 metus,
1114 1508 1308 1569 magister
1323 1509 1618 1569 prohibebant.

468 1633 638 1680 Gaudet
663 1635 777 1696 equis
793 1668 810 1692 ‚
836 1633 930 1685 &a
956 1648 968 1677 t
1019 1631 1165 1680 Affim
1189 1631 1234 1680 se
1260 1634 1494 1696 queixava
1525 1651 1554 1681 0
1577 1632 1754 1682 mesmo
1776 1648 1869 1698 pay
1897 1647 1955 1680 na
1977 1630 2105 1679 refe-

353 1696 454 1747 rida
475 1698 740 1757 Comedia‚
764 1695 969 1744 dizendo
992 1711 1004 1742 ε

622 1821 758 1885 Qod
770 1823 961 1882 plerique*
985 1837 1121 1869 omnes
1136 1821 1312 1883 faciunt
1342 1821 1633 1884 adolestentuli
1646 1855 1662 1882 ‚

624 1887 689 1931 Ut
711 1887 900 1930 animum
921 1885 981 1929 ad
1000 1886 1171 1944 aliquod
1180 1886 1371 1944 studium
1400 1887 1663 1948 adjungant,
1690 1894 1768 1931 aut
1790 1899 1908 1946 equos

622 1948 756 1994 Alere
773 1981 790 2007 ‚
812 1957 889 1994 aut
914 1962 1035 1993 canes
1061 1947 1122 1993 ad
1139 1948 1399 1993 venandum.

357 2075 453 2122 Em
481 2072 697 2142 Virgilio
731 2073 880 2121 lemos
918 2071 1232 2122 nobremente
1267 2072 1465 2137 pintado
1495 2072 1591 2120 este
1619 2070 1834 2120 costume
1874 2086 1932 2119 na
1957 2067 2113 2135 pessoz

357 2139 416 2187 de
440 2137 645 2187 Ascahio
665 2153 675 2182 :

623 2202 692 2249 At
709 2213 814 2260 puer
842 2199 1055 2261 Ascanius
1076 2200 1222 2246 mediis
1242 2202 1288 2245 in
1309 2201 1494 2246 vallibus
1514 2201 1607 2245 acri

625 2264 795 2311 Gaudet
823 2278 921 2324 equo
941 2282 956 2316 3
981 2263 1160 2323 jamque
1184 2263 1256 2308 hos
1280 2262 1399 2323 cursu
1417 2296 1432 2322 ‚
1445 2263 1544 2321 jam
1560 2264 1755 2322 praeterit
1778 2261 1898 2320 illos,

597 2354 599 2357 .
626 2329 978 2387 Spumantemque
1002 2326 1101 2370 dari
1129 2338 1279 2384 pecora
1305 2328 1417 2371 inter
1440 2328 1597 2370 inertia
1617 2328 1729 2370 votis

626 2393 765 2451 Optat
787 2403 936 2450 aprum
953 2422 969 2448 ‚
993 2399 1069 2434 aut
1087 2387 1268 2449 fulvum
1295 2387 1532 2449 descendere
1555 2397 1692 2432 monte
1714 2388 1886 2432 leonem.

472 2517 537 2565 Et
559 2519 691 2575 aprici
713 2519 907 2579 gramine
934 2518 1070 2577 campi
1099 2532 1110 2562 ε
1159 2514 1256 2562 Por
1280 2513 1395 2563 estas
1426 2514 1636 2578 palavras
1670 2529 1787 2575 quer
1818 2529 1847 2559 o
1876 2511 2026 2559 Poeta
2053 2507 2113 2556 fi-

362 2581 565 2643 gnificat·
600 2599 628 2628 0
653 2597 825 2642 campo
846 2579 1049 2640 ,Mara-io,
1089 2578 1211 2626 onde
1241 2596 1266 2626 a
1293 2577 1540 2626 mocidade
1565 2579 1786 2624 Romana
1818 2575 1861 2622 se
1883 2573 2114 2623 exercita-

359 2659 419 2689 va
447 2662 520 2691 em
543 2648 680 2709 jogar
704 2660 749 2691 as
781 2659 927 2690 armas
955 2678 970 2702 ‚
1005 2659 1081 2689 em
1105 2641 1245 2689 andar
1268 2658 1294 2688 a
1319 2642 1501 2690 cavallo
1527 2674 1543 2700 ‚
1578 2656 1603 2686 e
1632 2656 1707 2687 em
1735 2652 1898 2686 outros
1927 2638 2112 2686 exerci-

362 2707 460 2750 cios
486 2740 501 2762 ,
536 2703 664 2766 pelos
692 2723 833 2772 quaes
860 2706 902 2753 se
930 2705 1089 2754 fizesse
1114 2704 1240 2753 forte
1266 2740 1282 2765 ,
1310 2723 1334 2752 e
1358 2703 1549 2754 robusta
1573 2739 1589 2763 ,
1621 2719 1731 2767 para
1757 2703 1919 2764 depois
1952 2699 2117 2747 soffrer

362 2784 392 2813 o
417 2767 534 2812 duro
560 2772 777 2818 trabalho
808 2773 865 2818 da
887 2786 1077 2833 guerra.
1119 2768 1428 2816 Chamava-se
1452 2785 1478 2815 a
1495 2767 1589 2814 este
1613 2784 1783 2830 campo
1797 2766 1966 2812 Marcio
1981 2797 2008 2835 ‚⁶
2026 2776 2117 2823 por

268 2862 275 2866 -
363 2829 409 2876 se
448 2830 694 2893 confitgrar
727 2852 752 2881 a
789 2834 950 2880 Marte
974 2870 989 2893 ,
1032 2833 1197 2895 depois
1233 2831 1289 2879 de
1326 2832 1370 2879 se
1405 2830 1635 2879 confiscar
1671 2846 1747 2878 aos
1777 2828 2066 2890 Tarquimos
2095 2857 2113 2884 ‚

361 2908 389 2938 a
421 2908 560 2953 quem
595 2910 721 2941 antes
758 2899 1019 2957 pertencia.
1088 2897 1305 2943 Horacio
1338 2896 1496 2942 dai-Ibe
1533 2913 1561 2941 0
1593 2895 1810 2957 epitheto
1841 2891 1899 2937 de
1935 2893 2116 2956 apricij

366 2953 496 3016 quafi
519 2960 665 3014 apirici
692 2992 707 3015 ,
734 2958 820 3005 isto
848 2961 906 3005 he
935 2995 951 3019 ‚
980 2975 1151 3020 campo
1180 2975 1293 3021 muy
1319 2956 1523 3018 exposto
1549 2974 1604 3004 ao
1633 2956 1730 3004 Sol.
1771 2953 1904 3000 Estes
1933 2965 2116 2999 exerm-

362 3019 461 3066 cios
486 3018 543 3066 da.
570 3021 815 3068 mocmade
839 3021 1029 3071 estava6
1057 3022 1212 3070 muito
1239 3036 1315 3070 em
1342 3019 1424 3068 uso
1456 3035 1518 3067 no
1550 3033 1714 3082 tempo
1755 3016 1818 3064 do
1839 3015 1970 3064 noffo
1992 3011 2114 3060 Poe·

1853 3086 1862 3095 ¹
2038 3087 2114 3134 ta,
