2350 3479
394 103 532 198 ¹158
899 109 1036 188 De
1065 111 1258 191 Arte
1304 114 1638 200 Poetiea.

380 326 696 412 Cazfflzrmn
734 329 1028 398 mediocris
1055 380 1070 409 ‚
1118 338 1268 418 abest
1312 342 1525 403 virtute
1569 341 1762 429 dfferti

380 449 679 529 Mesphe,
727 477 828 517 nec
862 461 983 543 scit
1018 477 1281 547 quantum
1325 462 1608 544 Cqſj‘elius
1653 469 1881 534 Aulus:

381 569 501 636 Sed
537 594 722 641 tamen
769 586 829 643 in
861 587 1046 671 pretio
1090 593 1207 666 est:
1263 593 1632 656 mediocribus
1684 602 1784 677 qffe
1827 598 2021 662 Po'e‘tis

382 695 513 760 Non
555 706 798 772 homines
827 759 841 788 ‚
882 734 988 774 non
1026 716 1112 776 D?
1137 763 1153 790 ‚
1199 738 1305 777 non
1348 722 1667 807 concessere
1707 724 1995 789 calumme.

383 826 470 889 Ut
497 839 715 908 gratas
748 829 890 889 inter
930 828 1155 915 mensas
1176 831 1518 917 symphonia
1561 833 1775 919 difiors
1798 881 1816 912 ,

2045 928 2129 991 Ec

500 1110 670 1172 Diserti
693 1111 912 1171 AIeffizlae:
967 1112 1097 1158 Falla
1129 1112 1186 1158 de
1219 1111 1412 1158 Valerio
1442 1111 1637 1159 Messala
1668 1111 1883 1158 Corvino
1904 1147 1919 1173 ‚
1950 1113 2127 1163 famoso

385 1172 576 1219 Orador
606 1176 829 1220 Romano
852 1209 867 1232 ‚
903 1192 931 1219 o
960 1176 1067 1236 qual
1095 1175 1178 1236 foy
1205 1175 1385 1222 Consul
1414 1192 1473 1220 no
1506 1192 1623 1221 anno
1659 1176 1716 1221 de
1739 1177 1899 1222 Roma
1925 1191 2019 1237 722
2051 1212 2066 1237 ,
2101 1194 2128 1224 e

383 1235 444 1280 he
470 1253 497 1280 o
531 1236 704 1281 mesmo
742 1253 766 1281 a
794 1252 934 1298 quem
974 1251 1106 1283 tanto
1144 1251 1318 1283 cantou
1353 1237 1557 1282 Tibullo
1584 1271 1599 1295 ‚
1634 1253 1659 1283 e
1693 1238 1921 1285 celebrou
1947 1241 2125 1288 Cicero

383 1313 461 1344 em.
490 1300 664 1345 multos
687 1298 870 1361 lugares
893 1300 969 1345 das
994 1299 1088 1346 suas
1113 1299 1247 1345 obras
1263 1334 1278 1358 ‚
1311 1299 1673 1361 especialrnente
1698 1317 1751 1346 na
1776 1300 1852 1346 sua
1878 1302 2018 1348 Carta
2049 1317 2123 1364 15'.

383 1379 411 1408 a
435 1363 603 1408 Bruto.
658 1363 795 1407 Delle
830 1363 1120 1423 igualmente
1152 1362 1328 1409 deixou
1355 1362 1524 1408 escrito
1551 1362 1883 1421 Quintiliano:
1939 1367 2126 1424 Affeffizla

381 1426 568 1482 nitidas,
591 1426 645 1475 {9³
668 1425 865 1468 candidus
881 1458 895 1483 ,
922 1425 975 1476 ξς)
996 1424 1287 1484 quodammodo
1302 1425 1571 1486 praeseferens
1594 1429 1639 1470 in
1659 1427 1824 1470 dicendo
1846 1428 2122 1474 nobilitatem.

500 1489 702 1546 Caffelizu
728 1489 893 1532 Aulus:
950 1488 1054 1547 Foy
1080 1487 1195 1533 hum
1223 1487 1306 1533 dos
1335 1490 1445 1534 mais
1473 1488 1619 1534 fabios
1645 1522 1660 1547 ,
1695 1505 1719 1534 e
1743 1489 2016 1549 eloquentes
2034 1491 2124 1548 Ju-

383 1549 685 1596 risconsultos
722 1549 783 1595 do
807 1550 883 1596 seu
909 1563 1091 1610 tempo.
1155 1550 1298 1596 Delle
1325 1565 1455 1596 entre
1483 1565 1646 1597 outros
1681 1551 1752 1597 faz
1786 1552 1999 1598 distineta
2028 1568 2126 1598 me-

384 1615 535 1660 moria
563 1613 755 1659 Valerio
788 1613 1036 1669 Maximo,
1060 1613 1294 1658 referindo
1319 1630 1346 1658 0
1375 1612 1579 1674 fingular
1605 1616 1826 1660 conceito
1843 1649 1857 1672 ,
1886 1630 1976 1676 que
2001 1615 2124 1660 delle

386 1675 506 1722 fazia
539 1694 567 1722 o
593 1675 770 1722 famoso
794 1675 1140 1734 Jurisconsulto
1178 1676 1396 1722 Scevola.
1457 1676 1604 1722 Deste
1643 1676 1769 1723 Aulo
1804 1677 2004 1724 Cafl'elio
2032 1679 2122 1724 11:16

385 1738 535 1783 existe
560 1739 676 1785 obra
700 1738 889 1800 alguma
915 1773 930 1798 ‚
964 1738 1101 1785 senac')
1129 1740 1244 1786 hum
1269 1739 1315 1786 so
1339 1739 1553 1785 Tratado
1581 1755 1691 1786 com
1713 1756 1741 1785 o
1771 1740 1914 1786 titulo
1942 1741 2125 1786 Benedi-

383 1805 560 1849 storum.

502 1866 787 1912 Affediocribus
811 1866 885 1924 effi?
914 1865 1057 1911 Portis
1086 1882 1096 1911 ε
1147 1865 1300 1912 Ainda
1330 1882 1420 1928 que
1455 1867 1569 1912 hum
1604 1865 1795 1911 Orador
1818 1865 1906 1911 na&
1939 1865 2126 1927 chegue

386 1929 415 1976 ὲ
440 1930 718 1990 eloquencia
742 1928 799 1973 de
824 1927 1020 1974 Messala
1042 1962 1057 1985 ,
1092 1945 1200 1974 nem
1234 1931 1346 1976 hum
1369 1927 1714 1990 jurisconsulto
1740 1945 1794 1973 ao
1818 1930 2126 1974 merecimen-

386 2005 440 2040 to
465 1993 522 2038 de
547 1990 748 2037 Caffelio
772 2025 786 2049 ‚
818 1990 951 2035 ainda
974 1991 1096 2036 asslm
1127 2008 1312 2038 merece
1343 1992 1593 2052 estimaqac')
1623 2012 1638 2046 3
1677 2007 1858 2053 porque
1888 2007 1963 2036 em
1990 1991 2124 2052 qual-

387 2071 505 2116 quer
532 2052 679 2100 destas
714 2052 978 2099 faculdades
1013 2052 1055 2099 se
1082 2052 1222 2100 soffre
1255 2072 1284 2100 o
1308 2054 1375 2101 ser
1403 2055 1619 2101 mediano
1646 2076 1660 2109 ;
1698 2055 1860 2116 potem
1889 2070 1950 2099 no
1976 2054 2125 2100 Poeta

384 2117 479 2164 '11:16
509 2119 567 2164 he
595 2117 758 2169 affim3
796 2115 839 2160 se
873 2130 923 2159 os
950 2115 1047 2161 seus
1077 2117 1231 2162 versos
1264 2118 1353 2162 nas)
1388 2117 1458 2162 suf)
1497 2117 1785 2163 excellentes
1811 2151 1825 2175 ‚
1866 2116 1942 2162 sao
1976 2119 2120 2162 mltos.

390 2181 568 2227 Cicero
607 2195 667 2225 no
692 2177 770 2224 seu
791 2178 961 2223 Oraslor
992 2179 1048 2223 he
1080 2178 1137 2222 de
1171 2178 1363 2238 opiniao
1400 2178 1578 2223 diversa
1600 2211 1615 2235 ,
1642 2178 1872 2222 dizendo:
1919 2181 2042 2223 Nam
2076 2181 2123 2222 in

387 2245 535 2290 Pob'tis
559 2259 637 2288 non
666 2243 846 2287 Homero
867 2239 949 2299 soli
972 2242 1078 2284 locus
1103 2240 1157 2299 est
1183 2274 1198 2298 ‚
1232 2252 1280 2284 ut
1311 2241 1360 2285 de
1385 2242 1542 2285 Graecis
1562 2242 1736 2300 loquar,
1765 2250 1842 2284 aut
1868 2240 2086 2285 Archiloco
2103 2272 2119 2298 ,

387 2318 465 2352 aut
490 2307 702 2366 Sophocli,
723 2316 798 2350 aut
824 2303 1011 2348 Pindaro
1032 2324 1045 2357 3
1071 2302 1152 2361 sed
1172 2305 1318 2348 horum
1340 2305 1413 2347 vel
1420 2303 1610 2364 secundis
1626 2336 1640 2360 ,
1670 2305 1742 2348 vel
1766 2305 1892 2347 etiam
1916 2301 2032 2361 infra
2045 2301 2119 2362 se-

387 2371 552 2415 candos.
614 2367 725 2413 Esta
757 2364 1062 2413 authoridade
1093 2365 1357 2412 transcreve
1387 2365 1626 2410 Lambino
1648 2399 1663 2424 ,
1693 2380 1834 2410 como
1873 2364 2119 2424 le11tenqa‚

389 2447 482 2494 que
507 2435 735 2493 impugna
767 2446 791 2475 a
813 2430 871 2475 de
896 2429 1108 2474 Horacio
1132 2451 1145 2484 3
1185 2430 1349 2491 porem
1387 2427 1480 2473 esta
1509 2429 1701 2488 opimi-ao
1739 2427 1796 2472 de
1821 2428 1996 2474 Cicero
2029 2428 2117 2473 ηαδ

388 2495 433 2540 se
458 2511 668 2557 oppoem
694 2494 718 2539 ὰ
737 2496 795 2539 do
819 2491 948 2538 nosso
977 2490 1149 2546 Poeta3
1190 2507 1371 2553 porque
1396 2507 1510 2551 muy
1532 2491 1642 2536 bem
1665 2490 1708 2536 se
1725 2487 1851 2551 pode
1877 2492 1956 2535 dar
1979 2505 2120 2551 quem

389 2557 481 2615 seia
514 2557 706 2603 inferior
742 2558 855 2602 dous
884 2552 1022 2616 grz'tos
1058 2571 1082 2599 a
1111 2555 1328 2600 Homero
1355 2588 1371 2613 ,
1409 2554 1672 2599 Archiloco
1703 2588 1718 2611 ‚
1755 2551 2015 2614 Sophocles
2041 2585 2056 2609 ,
2092 2567 2118 2597 e

390 2618 622 2678 Pindaro,
658 2635 683 2665 e
711 2634 820 2665 com
847 2618 962 2664 tudo
988 2617 1077 2663 nao
1107 2616 1224 2663 estar
1250 2633 1306 2662 na
1332 2615 1467 2663 classe
1494 2616 1550 2662 de
1576 2617 1725 2662 Poeta
1749 2616 1993 2673 mediano,
2023 2629 2118 2660 mas

396 2678 481 2725 fim
504 2682 713 2742 superior
732 2684 760 2727 ὰ
785 2681 1097 2727 mediocridade.

512 2747 613 2788 Non
638 2745 847 2803 homines,
871 2760 948 2789 non
973 2745 1076 2803 Di,
1099 2743 1190 2795 ὅσ.
1211 2759 1222 2786 :
1270 2741 1416 2789 Tudo
1442 2741 1485 2788 se
1511 2740 1723 2803 conspira
1745 2752 1908 2786 contra
1932 2754 1981 2784 os
1998 2738 2121 2783 Poe-

395 2816 464 2849 tas
487 2806 746 2852 medianos:
785 2825 834 2852 os
860 2808 1079 2865 homens,
1103 2823 1151 2852 os
1178 2805 1353 2852 Deoses
1369 2839 1383 2864 ‚
1407 2822 1431 2851 e
1451 2822 1499 2851 os
1525 2805 1690 2867 pilares
1718 2803 1794 2849 das
1815 2801 2010 2848 estradas
2031 2817 2119 2862 pu-

395 2865 561 2911 blicas.
621 2869 690 2914 Os
718 2870 910 2915 homens
933 2869 1322 2931 desprezando-os
1345 2903 1360 2928 ‚
1397 2885 1446 2914 os
1475 2868 1649 2914 Deoses
1682 2870 1698 2929 ζ
1726 2881 1865 2913 como
1898 2864 2075 2925 Apollo
2096 2893 2113 2918 ‚

396 2928 591 2974 Baccho
617 2963 631 2986 ,
660 2946 683 2974 e
716 2947 759 2975 as
788 2931 942 2977 Musas
969 2934 984 2988 )
1011 2931 1099 2977 ηαξ)
1126 2949 1175 2978 os
1201 2932 1512 2978 soccorrendo
1550 2947 1657 2976 com
1683 2945 1727 2976 as
1752 2927 2052 2984 influencias‚
2085 2937 2114 2967 e

394 2990 766 3053 degradando-os
790 2994 851 3041 do
875 2994 954 3042 seu
978 2996 1269 3041 commercio
1286 3028 1302 3055 ,
1337 3010 1362 3041 e
1387 3010 1430 3041 as
1460 2993 1698 3041 columnas
1712 3024 1728 3051 ,
1751 3007 1814 3038 ou
1835 2991 2110 3096 pilargslpu-

2013 3061 2112 3095 xeos
