2350 3479
846 143 1053 224 Arte
1096 145 1410 223 Poetica.
1837 157 1964 236 153

235 315 358 377 Por
392 307 494 374 iffo
542 305 781 394 quando
818 310 959 382 vejo
1008 327 1101 367 em
1144 305 1431 389 qualquer
1477 301 1622 365 obra

236 404 465 466 Brilhar
515 403 732 463 muitas
775 398 1038 462 virtudes
1069 440 1083 469 ‚
1129 400 1245 456 na6
1291 417 1386 454 me
1431 390 1736 455 offendem

236 497 451 556 Certas
493 491 707 565 famas,
757 511 875 573 que
918 508 1053 547 vem
1101 483 1173 545 de
1219 483 1451 570 alguma
1496 487 1759 560 incuria,

238 588 344 649 Ou
389 586 461 646 de
499 582 781 664 fraqueza
826 579 1082 640 humana
1126 596 1330 660 pouco
1368 594 1564 637 cauta.

235 679 375 739 Pois
417 695 532 758 que
570 671 804 751 heyde
845 669 1193 753 reprendet?
1262 668 1373 727 Do
1407 667 1632 729 melino
1673 664 1858 729 modo

236 770 381 854 Que
419 766 562 827 hum
606 760 853 843 Copista
901 758 1156 823 cahindo
1201 762 1414 820 muiras
1460 780 1640 820 vezes

233 846 538 939 Nequella
585 852 803 914 mesma
847 852 1024 929 fasta,
1076 871 1169 911 em
1218 871 1334 933 que
1369 851 1612 912 avisado

226 948 304 1030 J‘ei
348 951 474 1009 fora
503 990 517 1018 ,
573 944 645 1005 de
688 943 906 1025 perdaf)
950 944 1004 1006 se
1053 940 1168 1003 na&
1208 939 1300 1000 faz
1344 942 1564 1029 dig1103

235 1042 289 1102 E
331 1060 369 1098 ο
408 1031 698 1109 Mufico,
748 1056 863 1118 que
908 1035 1131 1117 sempre
1177 1029 1433 1095 desafina

234 1130 366 1193 Nas
405 1126 648 1189 mesmas
694 1125 903 1186 cordas
932 1172 948 1200 ,
989 1128 1063 1186 he
1114 1123 1187 1185 de
1237 1123 1348 1183 riso
1394 1121 1674 1198 οίήεᾶος

235 1219 422 1282 Affim
464 1214 663 1280 soffi-er
701 1215 816 1274 na6
862 1212 1032 1295 posso
1060 1258 1075 1287 ,
1121 1233 1161 1271 o
1207 1233 1322 1294 que
1359 1234 1453 1272 em
1500 1211 1627 1272 seus
1669 1211 1869 1273 versos

235 1308 500 1372 Recahe
545 1327 645 1366 nas
692 1304 937 1366 mesmas
982 1301 1190 1366 faltas:
1243 1299 1609 1364 semel'nante

236 1400 312 1462 Se
357 1399 450 1459 faz
493 1393 724 1478 >&quelle
770 1393 1016 1457 Cherilo
1064 1396 1297 1467 Poeta,

237 1492 339 1551 De
378 1510 555 1572 quem
603 1487 830 1567 sempre
873 1486 1192 1563 escarnecjo
1220 1527 1237 1556 ,
1288 1482 1426 1544 inda
1471 1503 1587 1568 que
1629 1481 1850 1544 admire

236 1581 415 1642 Dous
441 1624 459 1655 ,
506 1598 587 1638 ou
624 1595 739 1638 tres
777 1573 970 1658 paffos
1019 1573 1166 1637 bons
1209 1594 1304 1636 em
1355 1574 1481 1638 seus
1530 1573 1808 1637 escritos:

353 1814 422 1857 Sic
444 1813 549 1857 mihi
575 1817 646 1873 qui
673 1815 848 1857 multum
870 1814 993 1871 cffzt
1021 1829 1031 1858 :
1086 1810 1258 1858 Allude
1291 1827 1320 1856 o
1349 1810 1494 1856 Poeta
1522 1809 1676 1856 talvez
1709 1825 1764 1854 ao
1791 1809 1958 1868 amigo

238 1874 497 1935 proverbio
523 1891 533 1919 ε
580 1878 659 1920 Bis
681 1889 898 1934 perperam
914 1874 1061 1934 facere
1082 1876 1191 1919 idem
1221 1890 1300 1919 non
1321 1876 1411 1918 viri
1441 1874 1496 1933 est
1510 1873 1731 1935 sapientis.
1793 1870 1960 1932 Qlem

236 1936 405 1982 muitas
438 1953 572 1982 vezes
607 1937 720 1984 cahe
756 1953 830 1982 em
860 1938 1021 1983 humas
1054 1936 1243 1983 mesmas
1281 1936 1602 1998 negligencias
1630 1968 1644 1991 ‚
1681 1950 1705 1978 e
1741 1933 1955 1994 esqueci-

235 2012 447 2057 mentos,
473 2002 527 2045 ἀεὶ
552 1999 698 2046 claros
723 1999 861 2044 finaes
882 1999 939 2044 da
967 1999 1042 2045 sua
1064 2001 1364 2061 ignorancia,
1389 2014 1413 2043 e
1435 1996 1524 2043 nas)
1547 2010 1731 2041 merece
1757 1995 1953 2055 perda6.

237 2063 375 2119 Ccffat
403 2062 477 2107 val
504 2080 532 2106 o
562 2062 735 2108 mesmo
765 2077 855 2124 que
883 2063 1010 2108 dizer
1031 2095 1047 2121 ‚
1079 2065 1150 2123 qui
1180 2061 1325 2122 otiosus
1346 2061 1400 2121 est
1425 2093 1442 2119 ‚
1481 2060 1534 2110 ὅ
1554 2058 1681 2120 situm
1697 2057 1844 2118 facere
1869 2056 1957 2120 ff-

233 2126 341 2168 cium
365 2126 545 2184 negligit⁶

348 2187 419 2230 Fit
445 2188 634 2231 Cherilus
656 2188 724 2231 ille
751 2202 761 2231 :
808 2186 985 2232 Houve
1014 2187 1125 2233 dous
1155 2186 1322 2232 Poetas
1352 2184 1478 2230 deste
1506 2199 1645 2230 nome
1675 2200 1684 2229 :
1723 2183 1836 2229 hum
1866 2181 1957 2228 flo-

234 2262 373 2293 receo
409 2264 468 2293 no
495 2262 657 2310 tempo
691 2248 747 2294 de
772 2248 1036 2294 Alexandre
1061 2283 1076 2308 ,
1114 2248 1231 2295 filho
1267 2248 1324 2293 de
1352 2249 1564 2294 Amintas
1589 2282 1604 2305 ,
1639 2262 1663 2292 e
1691 2259 1831 2293 outro
1861 2261 1954 2308 que

237 2310 375 2354 viveo
398 2324 538 2355 cento
564 2328 587 2355 e
614 2325 834 2370 quarenta
856 2327 994 2357 annos
1025 2311 1202 2372 depois.
1253 2311 1300 2356 O
1329 2313 1551 2372 primeiro
1586 2310 1668 2371 foy
1698 2309 1845 2356 Poeta
1872 2325 1952 2355 ce-

236 2369 394 2425 lebre,
420 2386 444 2414 e
470 2387 673 2432 compoz
700 2373 811 2415 hum
834 2371 1005 2419 Poema
1028 2374 1293 2421 excellente
1320 2374 1454 2420 sobre
1481 2390 1505 2420 a
1530 2372 1753 2431 viffcoria,
1786 2387 1876 2432 que
1901 2386 1954 2416 os

236 2431 541 2478 Athenienses
571 2432 846 2494 alcancgarac‘)
881 2435 937 2479 de
964 2435 1163 2482 Xerxes.
1215 2436 1388 2484 Parece
1417 2452 1506 2498 que
1537 2436 1662 2483 deste
1697 2435 1786 2481 na&
1812 2435 1871 2479 he
1896 2435 1953 2479 de

235 2508 376 2555 quem
403 2493 507 2539 falla
539 2496 748 2541 Horacio
771 2529 785 2553 ,
813 2512 906 2542 mas
939 2496 1017 2542 fim
1045 2498 1106 2543 do
1131 2498 1338 2562 segundo
1375 2500 1432 2545 de
1462 2514 1601 2560 quern
1627 2499 1702 2544 diz
1729 2498 1796 2556 Q
1829 2498 1952 2543 Cur-

235 2557 329 2602 cio.
378 2560 479 2615 Agis
502 2559 669 2616 quidam
694 2562 883 2619 Argivus
905 2561 1165 2621 peſjfmorum
1191 2567 1420 2608 carminum
1440 2561 1528 2621 post
1555 2563 1780 2607 Chaerilum
1809 2560 1950 2605 condi-

232 2630 314 2663 tor.
365 2618 632 2681 Ei‘caligero
658 2637 712 2667 na
735 2622 974 2668 Chronica
995 2623 1051 2669 de
1080 2624 1284 2670 Eusebio
1310 2628 1535 2685 impugna
1556 2626 1889 2685 grandemente
1922 2638 1947 2667 a

233 2682 447 2726 Horacio
472 2684 595 2727 neste
616 2684 780 2743 lugam
819 2701 909 2730 mas
936 2688 1038 2747 veja
1059 2703 1088 2730 o
1111 2686 1250 2732 leitor
1273 2705 1300 2732 o
1327 2702 1468 2732 como
1493 2703 1522 2731 o
1551 2685 1748 2732 defende
1770 2685 1948 2732 Daciet

233 2758 310 2789 nas
340 2743 495 2789 Notas
523 2744 547 2789 ὰ
574 2746 783 2806 Epistola
821 2762 859 2791 1.
889 2747 948 2792 do
972 2749 1053 2793 hv.
1077 2763 1119 2793 2.
1151 2749 1211 2794 do
1238 2748 1409 2794 mesmo
1433 2748 1592 2795 Poeta.

346 2806 487 2868 ,Quem
513 2810 601 2865 bis,
624 2821 764 2867 terque
784 2810 928 2853 bonum
952 2843 966 2866 ‚
995 2812 1085 2861 &c.
1117 2827 1127 2855 :
1181 2810 1291 2856 Este
1315 2811 1446 2857 verso
1473 2810 1665 2858 contem
1691 2812 1830 2858 huma
1861 2827 1947 2857 ex-

231 2866 410 2928 pressa&
428 2869 632 2915 delicada
649 2886 720 2915 ms
739 2871 940 2931 palavras
954 2905 968 2926 ‚
982 2888 1071 2917 cum
1092 2872 1176 2922 risu
1193 2877 1336 2919 miror.
1373 2874 1569 2920 Luismo
1589 2892 1612 2920 a
1629 2876 1815 2936 explica
1834 2890 1943 2921 com

232 2929 342 2975 toda
370 2946 394 2975 a
424 2931 625 2978 clareza:
667 2935 791 2978 Hunc
816 2935 1042 2979 Chaerilum
1063 2937 1123 2980 bis
1138 2970 1152 2992 ,
1177 2948 1317 2996 terque
1338 2938 1483 2982 bonum
1514 2954 1604 2983 cum
1629 2941 1704 2998 effe
1726 2939 1847 2984 video
1864 2972 1880 2996 ,
1904 2936 1952 2981 id

230 2992 312 3052 est,
339 2993 435 3039 duos
458 2996 628 3042 veltres
655 2995 798 3058 versus
821 3000 1019 3057 elegantes
1034 2997 1206 3060 feczffi,
1229 3000 1340 3047 rideo
1355 3033 1371 3060 ‚
1393 3000 1447 3055 69⁷
1470 3004 1615 3050 miror.
1659 3003 1780 3066 Quia
1792 3002 1878 3063 scio
1901 2997 1950 3042 id

1822 3073 1951 3117 teme}
